<?xml version="1.0" encoding="UTF-8"?><record xmlns="http://www.loc.gov/MARC21/slim" xmlns:cinclude="http://apache.org/cocoon/include/1.0" xmlns:zs="http://www.loc.gov/zing/srw/">
  <leader>00475nz  a2200133n  4500</leader>
  <controlfield tag="001">n  90703371 </controlfield>
  <controlfield tag="003">DLC</controlfield>
  <controlfield tag="005">19901011145801.6</controlfield>
  <controlfield tag="008">901011n| acannaab|          |n aaa |||  </controlfield>
  <datafield tag="010" ind1=" " ind2=" ">
    <subfield code="a">n  90703371 </subfield>
  </datafield>
  <datafield tag="040" ind1=" " ind2=" ">
    <subfield code="a">DLC</subfield>
    <subfield code="c">DLC</subfield>
  </datafield>
  <datafield tag="100" ind1="1" ind2="0">
    <subfield code="a">Kihlberg, Mats,</subfield>
    <subfield code="d">1933-</subfield>
  </datafield>
  <datafield tag="670" ind1=" " ind2=" ">
    <subfield code="a">nuc90-55296: Sweden. Beredningen foĚr u-landsforskning. SAREC's first decade, 1987</subfield>
    <subfield code="b">(hdg. on CaBVaU rept.: Kihlberg, Mats; usage: Mats Kihlberg)</subfield>
  </datafield>
  <datafield tag="670" ind1=" " ind2=" ">
    <subfield code="a">LC data base, 10-11-90</subfield>
    <subfield code="b">(hdg.: Kihlberg, Mats, 1933- )</subfield>
  </datafield>
</record>